%% Saved with string encoding Unicode (UTF-8) 
%four vaiable model image
@article{thompson2000requirements,
  title={Requirements capture and evaluation in Nimbus: The light-control case study},
  author={Thompson, Jeffrey M and Whalen, Michael W and Heimdahl, Mats Per Erik},
  journal={Journal of Universal Computer Science},
  volume={6},
  number={7},
  pages={731--757},
  year={2000}
}
%four variable model explanation
@article{parnas1995functional,
  title={Functional documents for computer systems},
  author={Parnas, David Lorge and Madey, Jan},
  journal={Science of Computer programming},
  volume={25},
  number={1},
  pages={41--61},
  year={1995},
  publisher={Elsevier}
}
%zeno gedrag, paradox - Achilles and the Tortoise
@article{leine2011zeno,
  title={Zeno-gedrag in de mechanica},
  author={Leine, Remco I},
  journal={Nieuw Archief voor Wiskunde, vijfde serie},
  volume={12},
  number={1},
  pages={58--63},
  year={2011}
}

@misc{uppaalsmalltutorial,
  title = {{Uppaal 4.0 : Small Tutoria},
  howpublished = {\url{http://www.it.uu.se/research/group/darts/uppaal//small_tutorial.pdf}},
  note = {Accessed: 2019-03-07}
}